

@article{Kunowsky_2013:material_demands,
  author =        {Kunowsky, M. and Marco-L\'{o}zar, J. P. and
                   Linares-Solano, A.},
  journal =       {J. Renew. Energy},
  pages =         {1--16},
  title =         {Material Demands for Storage Technologies in a
                   Hydrogen Economy},
  volume =        {2013},
  year =          {2013},
  doi =           {10.1155/2013/878329},
}

@article{Durbin_2013:review_hydrogen,
  author =        {Durbin, D.J. and Malardier-Jugroot, C.},
  journal =       {Int. J. Hydrogen Energy},
  number =        {34},
  pages =         {14595--14617},
  title =         {Review of hydrogen storage techniques for on board
                   vehicle applications},
  volume =        {38},
  year =          {2013},
  doi =           {10.1016/j.ijhydene.2013.07.058},
}

@article{Crabtree_2004:hydrogen_economy,
  author =        {Crabtree, George W. and Dresselhaus, Mildred S. and
                   Buchanan, Michelle V.},
  journal =       {Phys. Today},
  number =        {12},
  pages =         {39--44},
  title =         {The Hydrogen Economy},
  volume =        {57},
  year =          {2004},
  doi =           {10.1063/1.1878333},
}

@incollection{Harrison_2015:materials_hydrogen,
  address =       {Hoboken, NJ},
  author =        {Harrison, D. and Welchman, E. and Chabal, Yves J. and
                   Thonhauser, T.},
  booktitle =     {Vol. 5 Energy Storage, Handb. Clean Energy Syst.},
  editor =        {Yan, J.},
  pages =         {2665--2683},
  publisher =     {Wiley},
  title =         {Materials for hydrogen storage},
  year =          {2015},
  doi =           {10.1002/9781118991978},
}

@article{Ahluwalia_2012:on-board_off-board,
  author =        {Ahluwalia, R.K. and Hua, T.Q. and Peng, J.K.},
  journal =       {Int. J. Hydrogen Energy},
  number =        {3},
  pages =         {2891--2910},
  title =         {On-board and Off-board performance of hydrogen
                   storage options for light-duty vehicles},
  volume =        {37},
  year =          {2012},
  doi =           {10.1016/j.ijhydene.2011.05.040},
}

@article{Yang_2010:high_capacity,
  author =        {Yang, Jun and Sudik, Andrea and
                   Wolverton, Christopher and Siegel, Donald J.},
  journal =       {Chem. Soc. Rev.},
  number =        {2},
  pages =         {656--675},
  title =         {High capacity hydrogen storage materials: attributes
                   for automotive applications and techniques for
                   materials discovery},
  volume =        {39},
  year =          {2010},
  doi =           {10.1039/b802882f},
}

@techreport{DOE_Targets_Onboard_2009,
  institution =   {{US} Department of Energy},
  note =          {-- for a good side-by-side comparison between the old
                   and new DOE targets see
                   Ref.~\cite{Yang_2010:high_capacity}},
  type =          {retrieved from
  \url{http://energy.gov/sites/prod/files/2014/03/f12/targets\_onboard\_hydro\%
_storage.pdf}},
  title =         {{DOE} Targets for Onboard Hydrogen Storage Systems
                   for Light-Duty Vehicles},
  year =          {2009},
}

@article{Graetz_2009:new_approaches,
  author =        {Graetz, Jason},
  journal =       {Chem. Soc. Rev.},
  number =        {1},
  pages =         {73--82},
  title =         {New approaches to hydrogen storage},
  volume =        {38},
  year =          {2009},
  doi =           {10.1039/b718842k},
}

@article{Ronnebro_2011:development_group,
  author =        {R\"{o}nnebro, Ewa},
  journal =       {Curr. Opin. Solid State Mater. Sci.},
  number =        {2},
  pages =         {44--51},
  title =         {Development of group {II} borohydrides as hydrogen
                   storage materials},
  volume =        {15},
  year =          {2011},
  doi =           {10.1016/j.cossms.2010.10.003},
}

@article{Li_2011:recent_progress,
  author =        {Li, Hai-Wen and Yan, Yigang and Orimo, Shin-ichi and
                   Z\"{u}ttel, Andreas and Jensen, Craig M.},
  journal =       {Energies},
  number =        {1},
  pages =         {185--214},
  title =         {Recent Progress in Metal Borohydrides for Hydrogen
                   Storage},
  volume =        {4},
  year =          {2011},
  doi =           {10.3390/en4010185},
}

@article{Rude_2011:tailoring_properties,
  author =        {Rude, Line H. and Nielsen, Thomas K. and
                   Ravnsb\ae{}k, Dorthe B. and B\"{o}senberg, Ulrike and
                   Ley, Morten B. and Richter, Bo and Arnbjerg, Lene M. and
                   Dornheim, Martin and Filinchuk, Yaroslav and
                   Besenbacher, Flemming and Jensen, Torben R.},
  journal =       {Phys. Status Solidi A},
  number =        {8},
  pages =         {1754--1773},
  title =         {Tailoring properties of borohydrides for hydrogen
                   storage: A review},
  volume =        {208},
  year =          {2011},
  doi =           {10.1002/pssa.201001214},
}

@article{Jain_2010:novel_hydrogen,
  author =        {Jain, I. P. and Jain, Pragya and Jain, Ankur},
  journal =       {J. Alloys Compd.},
  number =        {2},
  pages =         {303--339},
  title =         {Novel hydrogen storage materials: A review of
                   lightweight complex hydrides},
  volume =        {503},
  year =          {2010},
  doi =           {10.1016/j.jallcom.2010.04.250},
}

@article{Orimo_2007:complex_hydrides,
  author =        {Orimo, Shin-ichi and Nakamori, Yuko and
                   Eliseo, Jennifer R. and Z\"{u}ttel, Andreas and
                   Jensen, Craig M.},
  journal =       {Chem. Rev.},
  number =        {10},
  pages =         {4111--4132},
  title =         {Complex Hydrides for Hydrogen Storage},
  volume =        {107},
  year =          {2007},
  doi =           {10.1021/cr0501846},
}

@article{Umegaki_2009:boron-_nitrogen-based,
  author =        {Umegaki, Tetsuo and Yan, Jun-Min and Zhang, Xin-Bo and
                   Shioyama, Hiroshi and Kuriyama, Nobuhiro and
                   Xu, Qiang},
  journal =       {Int. J. Hydrogen Energy},
  number =        {5},
  pages =         {2303--2311},
  title =         {Boron- and nitrogen-based chemical hydrogen storage
                   materials},
  volume =        {34},
  year =          {2009},
  doi =           {10.1016/j.ijhydene.2009.01.002},
}

@article{George_2010:structural_stability,
  author =        {George, Lyci and Saxena, Surendra K.},
  journal =       {Int. J. Hydrogen Energy},
  number =        {11},
  pages =         {5454--5470},
  title =         {Structural stability of metal hydrides, alanates and
                   borohydrides of alkali and alkali- earth elements: A
                   review},
  volume =        {35},
  year =          {2010},
  doi =           {10.1016/j.ijhydene.2010.03.078},
}

@article{Vajo_2005:reversible_storage,
  author =        {Vajo, John J. and Skeith, Sky L. and
                   Mertens, Florian},
  journal =       {J. Phys. Chem. B},
  number =        {9},
  pages =         {3719--3722},
  title =         {Reversible storage of hydrogen in destabilized
                   {LiBH$_4$}},
  volume =        {109},
  year =          {2005},
  doi =           {10.1021/jp040769o},
}

@article{Alapati_2007:using_first,
  author =        {Alapati, S. V. and Johnson, Karl J. and
                   Sholl, David S.},
  journal =       {Phys. Chem. Chem. Phys.},
  number =        {12},
  pages =         {1438--1452},
  title =         {Using first principles calculations to identify new
                   destabilized metal hydride reactions for reversible
                   hydrogen storage},
  volume =        {9},
  year =          {2007},
  doi =           {10.1039/b617927d},
}

@article{Alapati_2008:large-scale_screening,
  author =        {Alapati, S. V. and Johnson, J. K. and
                   Sholl, David S.},
  journal =       {J. Phys. Chem. C},
  number =        {14},
  pages =         {5258--5262},
  title =         {Large-Scale Screening of Metal Hydride Mixtures for
                   High-Capacity Hydrogen Storage from First-Principles
                   Calculations},
  volume =        {112},
  year =          {2008},
  doi =           {10.1021/jp800630s},
}

@article{Li_2008:dehydriding_rehydriding,
  author =        {Li, H.-W. and Kikuchi, K. and Nakamori, Y. and
                   Ohba, N. and Miwa, K. and Towata, S. and Orimo, S.},
  journal =       {Acta Mater.},
  number =        {6},
  pages =         {1342--1347},
  title =         {Dehydriding and rehydriding processes of
                   well-crystallized {Mg(BH$_4$)$_2$} accompanying with
                   formation of intermediate compounds},
  volume =        {56},
  year =          {2008},
  doi =           {10.1016/j.actamat.2007.11.023},
}

@article{Nickels_2008:tuning_decomposition,
  author =        {Nickels, E. Anne and Jones, Martin Owen and
                   David, William I. F. and Johnson, Simon R. and
                   Lowton, Rebecca L. and Sommariva, Marco and
                   Edwards, Peter P.},
  journal =       {Angew. Chemie Int. Ed.},
  number =        {15},
  pages =         {2817--2819},
  title =         {Tuning the decomposition temperature in complex
                   hydrides: synthesis of a mixed alkali metal
                   borohydride},
  volume =        {47},
  year =          {2008},
  doi =           {10.1002/anie.200704949},
}

@article{Li_2007:materials_designing,
  author =        {Li, H.-W. and Orimo, S. and Nakamori, Y. and Miwa, K. and
                   Ohba, N. and Towata, S. and Z{\"{u}}ttel, A.},
  journal =       {J. Alloys Compd.},
  pages =         {315--318},
  title =         {Materials designing of metal borohydrides: Viewpoints
                   from thermodynamical stabilities},
  volume =        {446--447},
  year =          {2007},
  doi =           {10.1016/j.jallcom.2007.02.156},
}

@article{Lee_2010:effect_mg,
  author =        {Lee, Sung Hoon and Manga, Venkateswara Rao and
                   Liu, Zi-Kui},
  journal =       {Int. J. Hydrogen Energy},
  number =        {13},
  pages =         {6812--6821},
  title =         {Effect of {Mg, Ca, and Zn} on stability of {LiBH$_4$}
                   through computational thermodynamics},
  volume =        {35},
  year =          {2010},
  doi =           {10.1016/j.ijhydene.2010.04.014},
}

@article{Setten_2007:ab_initio,
  author =        {van Setten, Michiel J. and de Wijs, Gilles A. and
                   Brocks, Geert},
  journal =       {Phys. Rev. B},
  number =        {7},
  pages =         {075125},
  title =         {Ab initio study of the effects of transition metal
                   doping of {Mg$_2$NiH$_4$}},
  volume =        {76},
  year =          {2007},
  doi =           {10.1103/PhysRevB.76.075125},
}

@article{Brinks_2008:adjustment_stability,
  author =        {Brinks, Hendrik W. and Fossdal, Anita and
                   Hauback, Bjorn C.},
  journal =       {J. Phys. Chem. C},
  number =        {14},
  pages =         {5658--5661},
  title =         {Adjustment of the Stability of Complex Hydrides by
                   Anion Substitution},
  volume =        {112},
  year =          {2008},
  doi =           {10.1021/jp7100754},
}

@article{Li_2007:effects_ball,
  author =        {Li, H.-W. and Kikuchi, K. and Nakamori, Y. and
                   Miwa, K. and Towata, S. and Orimo, S.},
  journal =       {Scr. Mater.},
  number =        {8},
  pages =         {679--682},
  title =         {Effects of ball milling and additives on dehydriding
                   behaviors of well-crystallized {Mg(BH$_4$)$_2$}},
  volume =        {57},
  year =          {2007},
  doi =           {10.1016/j.scriptamat.2007.06.052},
}

@article{Chu_2010:structure_hydrogen,
  author =        {Chu, Hailiang and Wu, Guotao and Xiong, Zhitao and
                   Guo, Jianping and He, Teng and Chen, Ping},
  journal =       {Chem. Mater.},
  number =        {21},
  pages =         {6021--6028},
  title =         {Structure and Hydrogen Storage Properties of Calcium
                   Borohydride Diammoniate},
  volume =        {22},
  year =          {2010},
  doi =           {10.1021/cm1023234},
}

@article{Gu_2012:structure_decomposition,
  author =        {Gu, Qinfen and Gao, Liang and Guo, Yanhui and
                   Tan, Yingbin and Tang, Ziwei and Wallwork, Kia S. and
                   Zhang, Feiwu and Yu, Xuebin},
  journal =       {Energy Environ. Sci.},
  pages =         {7590--7600},
  title =         {Structure and decomposition of zinc borohydride
                   ammonia adduct: towards a pure hydrogen release},
  volume =        {5},
  year =          {2012},
  doi =           {10.1039/C2EE02485C},
}

@article{Jepsen_2014:boron-nitrogen_based,
  author =        {Jepsen, Lars H. and Ley, Morten B. and Lee, Young-Su and
                   Cho, Young Whan and Dornheim, Martin and
                   Jensen, Jens Oluf and Filinchuk, Yaroslav and
                   J{\o}rgensen, Jens Erik and Besenbacher, Flemming and
                   Jensen, Torben R.},
  journal =       {Mater. Today},
  number =        {3},
  pages =         {129--135},
  title =         {Boron--nitrogen based hydrides and reactive
                   composites for hydrogen storage},
  volume =        {17},
  year =          {2014},
  doi =           {10.1016/j.mattod.2014.02.015},
}

@article{Roedern_2015:ammine-stabilized_transition-metal,
  author =        {Roedern, Elsa and Jensen, Torben R.},
  journal =       {Inorg. Chem.},
  number =        {21},
  pages =         {10477--10482},
  title =         {Ammine-Stabilized Transition-Metal Borohydrides of
                   Iron, Cobalt, and Chromium: Synthesis and
                   Characterization},
  volume =        {54},
  year =          {2015},
  doi =           {10.1021/acs.inorgchem.5b01959},
}

@article{Sun_2012:new_ammine,
  author =        {Sun, Weiwei and Chen, Xiaowei and Gu, Qinfen and
                   Wallwork, Kia S. and Tan, Yingbin and Tang, Ziwei and
                   Yu, Xuebin},
  journal =       {Chem. - A Eur. J.},
  number =        {22},
  pages =         {6825--6834},
  title =         {A new ammine dual-cation (Li, Mg) borohydride:
                   Synthesis, structure, and dehydrogenation
                   enhancement},
  volume =        {18},
  year =          {2012},
  doi =           {10.1002/chem.201102651},
}

@article{Yuan_2012:structure_hydrogenstorage,
  author =        {Yuan, Feng and Gu, Qinfen and Guo, Yanhui and
                   Sun, Weiwei and Chen, Xiaowei and Yu, Xuebin},
  journal =       {J. Mater. Chem.},
  number =        {3},
  pages =         {1061--1068},
  title =         {Structure and hydrogenstorage properties of the first
                   rare-earth metal borohydride ammoniate: Y(BH 4 ) 3
                   {\textperiodcentered}4NH 3},
  volume =        {22},
  year =          {2012},
  doi =           {10.1039/C1JM13002A},
}

@article{Welchman_2017:decomposition_mechanisms,
  author =        {Welchman, Evan and Thonhauser, Timo},
  journal =       {J. Mater. Chem. A},
  number =        {8},
  pages =         {4084--4092},
  title =         {Decomposition mechanisms in metal borohydrides and
                   their ammoniates},
  volume =        {5},
  year =          {2017},
  doi =           {10.1039/C6TA09423F},
}

@article{Nakamori_2007:thermodynamical_stabilities,
  author =        {Nakamori, Y. and Li, H.-W. and Kikuchi, K. and
                   Aoki, M. and Miwa, K. and Towata, S. and Orimo, S.},
  journal =       {J. Alloys Compd.},
  pages =         {296--300},
  title =         {Thermodynamical stabilities of metal-borohydrides},
  volume =        {446--447},
  year =          {2007},
  doi =           {10.1016/j.jallcom.2007.03.144},
}

@article{Henkelman_2000:climbing_image,
  author =        {Henkelman, Graeme and Uberuaga, Blas P. and
                   J\'{o}nsson, Hannes},
  journal =       {J. Chem. Phys.},
  number =        {22},
  pages =         {9901--9904},
  title =         {Climbing image nudged elastic band method for finding
                   saddle points and minimum energy paths},
  volume =        {113},
  year =          {2000},
  doi =           {10.1063/1.1329672},
}

@article{Henkelman_2000:improved_tangent,
  author =        {Henkelman, Graeme and J\'{o}nsson, Hannes},
  journal =       {J. Chem. Phys.},
  number =        {22},
  pages =         {9978--9985},
  title =         {Improved tangent estimate in the nudged elastic band
                   method for finding minimum energy paths and saddle
                   points},
  volume =        {113},
  year =          {2000},
  doi =           {10.1063/1.1323224},
}

@article{Yan_2011:formation_process,
  author =        {Yan, Yigang and Li, Hai-Wen and Maekawa, Hideki and
                   Aoki, Masakazu and Noritake, Tatsuo and
                   Matsumoto, Mitsuru and Miwa, Kazutoshi and
                   Towata, Shin-ichi and Orimo, Shin-ichi},
  journal =       {Mater. Trans.},
  number =        {7},
  pages =         {1443--1446},
  title =         {Formation Process of {[B$_{12}$H$_{12}$]$^{2-}$} from
                   {[BH$_4$]$^{-}$} during the Dehydrogenation Reaction
                   of {Mg(BH$_4$)$_2$}},
  volume =        {52},
  year =          {2011},
  doi =           {10.2320/matertrans.MA201002},
}

@article{Zhu_2012:evolutionary_metadynamics,
  author =        {Zhu, Qiang and Oganov, Artem R. and
                   Lyakhov, Andriy O.},
  journal =       {CrystEngComm},
  pages =         {3596--3601},
  title =         {Evolutionary metadynamics: a novel method to predict
                   crystal structures},
  volume =        {14},
  year =          {2012},
  doi =           {10.1039/C2CE06642D},
}

@article{Zhu_2015:generalized_evolutionary,
  author =        {Zhu, Qiang and Oganov, Artem R. and
                   Lyakhov, Andriy O. and Yu, Xiaoxiang},
  journal =       {Phys. Rev. B - Condens. Matter Mater. Phys.},
  number =        {2},
  pages =         {1--7},
  title =         {Generalized evolutionary metadynamics for sampling
                   the energy landscapes and its applications},
  volume =        {92},
  year =          {2015},
  doi =           {10.1103/PhysRevB.92.024106},
}

@article{Bell_1936:theory_reactions,
  author =        {Ronald P. Bell},
  journal =       {Proceedings of the Royal Society of London. Series A,
                   Mathematical and Physical Sciences},
  number =        {882},
  pages =         {414--429},
  title =         {The Theory of Reactions Involving Proton Transfers},
  volume =        {154},
  year =          {1936},
}

@article{Evans_1936:further_considerations,
  author =        {Evans, M. G. and Polanyi, M.},
  journal =       {Trans. Faraday Soc.},
  pages =         {1333--1360},
  title =         {Further considerations on the thermodynamics of
                   chemical equilibria and reaction rates},
  volume =        {32},
  year =          {1936},
  doi =           {10.1039/TF9363201333},
}

@article{Kresse_1996:efficient_iterative,
  author =        {Kresse, G. and Furthm\"{u}ller, J.},
  journal =       {Phys. Rev. B},
  number =        {16},
  pages =         {11169--11186},
  title =         {Efficient iterative schemes for ab initio
                   total-energy calculations using a plane-wave basis
                   set},
  volume =        {54},
  year =          {1996},
  doi =           {10.1103/PhysRevB.54.11169},
}

@article{Kresse_1999:ultrasoft_pseudopotentials,
  author =        {Kresse, G. and Joubert, D.},
  journal =       {Phys. Rev. B},
  number =        {3},
  pages =         {1758--1775},
  title =         {From ultrasoft pseudopotentials to the projector
                   augmented-wave method},
  volume =        {59},
  year =          {1999},
  doi =           {10.1103/PhysRevB.59.1758},
}

@article{Miwa_2007:first-principles_study,
  author =        {Miwa, Kazutoshi and Ohba, Nobuko and
                   Towata, Shin-ichi and Nakamori, Yuko and
                   Z\"{u}ttel, Andreas and Orimo, Shin-ichi},
  journal =       {J. Alloys Compd.},
  pages =         {310--314},
  title =         {First-principles study on thermodynamical stability
                   of metal borohydrides: Aluminum borohydride
                   {Al(BH$_4$)$_3$}},
  volume =        {446--447},
  year =          {2007},
  doi =           {10.1016/j.jallcom.2006.11.140},
}

@article{Lodziana_2010:multivalent_metal,
  author =        {\L{}odziana, Zbigniew},
  journal =       {Phys. Rev. B},
  number =        {14},
  pages =         {144108},
  title =         {Multivalent metal tetrahydroborides of {Al, Sc, Y,
                   Ti, and Zr}},
  volume =        {81},
  year =          {2010},
  doi =           {10.1103/PhysRevB.81.144108},
}

@article{Bil_2011:van_waals,
  author =        {Bil, A. and Kolb, Brian and Atkinson, R. and
                   Pettifor, D. G. and Thonhauser, T. and
                   Kolmogorov, A. N.},
  journal =       {Phys. Rev. B},
  number =        {22},
  pages =         {224103},
  title =         {van der Waals interactions in the ground state of
                   Mg(BH4)2 from density functional theory},
  volume =        {83},
  year =          {2011},
  doi =           {10.1103/PhysRevB.83.224103},
}

@article{Thonhauser_2015:spin_signature,
  author =        {Thonhauser, T. and Zuluaga, S. and Arter, C. A. and
                   Berland, K. and Schr\"{o}der, E. and Hyldgaard, P.},
  journal =       {Phys. Rev. Lett.},
  number =        {13},
  pages =         {136402},
  title =         {Spin Signature of Nonlocal Correlation Binding in
                   Metal-Organic Frameworks},
  volume =        {115},
  year =          {2015},
  doi =           {10.1103/PhysRevLett.115.136402},
}

@article{Berland_2015:van_waals,
  author =        {Berland, Kristian and Cooper, Valentino R. and
                   Lee, Kyuho and Schr\"{o}der, Elsebeth and
                   Thonhauser, T. and Hyldgaard, Per and
                   Lundqvist, Bengt I.},
  journal =       {Reports Prog. Phys.},
  number =        {6},
  pages =         {066501},
  title =         {van der {Waals} forces in density functional theory:
                   a review of the {vdW-DF} method},
  volume =        {78},
  year =          {2015},
  doi =           {10.1088/0034-4885/78/6/066501},
}

@article{Thonhauser_2007:van_waals,
  author =        {Thonhauser, T. and Cooper, Valentino R. and Li, Shen and
                   Puzder, Aaron and Hyldgaard, Per and
                   Langreth, David C.},
  journal =       {Phys. Rev. B},
  number =        {12},
  pages =         {125112},
  title =         {Van der {Waals} density functional: Self-consistent
                   potential and the nature of the van der {Waals} bond},
  volume =        {76},
  year =          {2007},
  doi =           {10.1103/PhysRevB.76.125112},
}

@article{Langreth_2009:density_functional,
  author =        {Langreth, David C. and Lundqvist, Bengt I. and
                   Chakarova-K\"{a}ck, S. D. and Cooper, Valentino R. and
                   Dion, M. and Hyldgaard, Per and Kelkkanen, A. and
                   Kleis, J. and Kong, Lingzhu and Li, Shen and
                   Moses, P. G. and Murray, Eamonn D. and Puzder, Aaron and
                   Rydberg, H. and Schr\"{o}der, Elsebeth and
                   Thonhauser, T.},
  journal =       {J. Phys. Condens. Matter},
  number =        {8},
  pages =         {084203},
  title =         {A density functional for sparse matter},
  volume =        {21},
  year =          {2009},
  doi =           {10.1088/0953-8984/21/8/084203},
}

@article{Oganov_2006:crystal_structure,
  author =        {Oganov, Artem R and Glass, Colin W},
  journal =       {J. Chem. Phys.},
  number =        {24},
  pages =         {244704},
  title =         {Crystal structure prediction using ab initio
                   evolutionary techniques: Principles and applications},
  volume =        {124},
  year =          {2006},
  doi =           {10.1063/1.2210932},
}

@article{Oganov_2011:how_evolutionary,
  author =        {Oganov, Artem R. and Lyakhov, Andriy O. and
                   Valle, Mario},
  journal =       {Acc. Chem. Res.},
  number =        {3},
  pages =         {227--237},
  title =         {How evolutionary crystal structure prediction
                   works--and why},
  volume =        {44},
  year =          {2011},
  doi =           {10.1021/ar1001318},
}

@article{Lyakhov_2013:new_developments,
  author =        {Lyakhov, Andriy O. and Oganov, Artem R. and
                   Stokes, Harold T. and Zhu, Qiang},
  journal =       {Comput. Phys. Commun.},
  number =        {4},
  pages =         {1172--1182},
  title =         {New developments in evolutionary structure prediction
                   algorithm {USPEX}},
  volume =        {184},
  year =          {2013},
  doi =           {10.1016/j.cpc.2012.12.009},
}

@article{Zhu_2012:constrained_evolutionary,
  author =        {Zhu, Qiang and Oganov, Artem R. and Glass, Colin W. and
                   Stokes, Harold T.},
  journal =       {Acta Crystallogr. Sect. B Struct. Sci.},
  number =        {3},
  pages =         {215--226},
  title =         {Constrained evolutionary algorithm for structure
                   prediction of molecular crystals: Methodology and
                   applications},
  volume =        {68},
  year =          {2012},
  doi =           {10.1107/S0108768112017466},
}

@article{Harrison_2014:tuning_hydrogen,
  author =        {Harrison, D. and Thonhauser, T.},
  journal =       {Phys. Rev. B},
  number =        {12},
  pages =         {125152},
  title =         {Tuning the hydrogen desorption of {Mg(BH$_4$)$_2$}
                   through {Zn} alloying},
  volume =        {90},
  year =          {2014},
  doi =           {10.1103/PhysRevB.90.125152},
}

@article{Harrison_2016:suppressing_diborane,
  author =        {D. Harrison and T. Thonhauser},
  journal =       {Int. J. Hydrogen Ene.},
  number =        {5},
  pages =         {3571--3578},
  title =         {Suppressing diborane production during the hydrogen
                   release of metal borohydrides: The example of alloyed
                   {Al(BH$_4$)$_3$}},
  volume =        {41},
  year =          {2016},
  doi =           {10.1016/j.ijhydene.2015.12.159},
}

@article{Aldridge_1997:some_tetrahydroborate,
  author =        {Aldridge, Simon and Blake, Alexander J. and
                   Downs, Anthony J. and Gould, Robert O. and
                   Parsons, Simon and Pulham, Colin R.},
  journal =       {J. Chem. Soc., Dalton Trans.},
  number =        {6},
  pages =         {1007--1012},
  title =         {Some tetrahydroborate derivatives of aluminium:
                   crystal structures of dimethylaluminium
                   tetrahydroborate and the $\alpha$ and $\beta$ phases
                   of aluminium tris(tetrahydroborate) at low
                   temperature},
  year =          {1997},
  doi =           {10.1039/a607843e},
}

@article{Nakamori_2006:correlation_between,
  author =        {Nakamori, Y. and Miwa, K. and Ninomiya, Akihito and
                   Li, Haiwen and Ohba, N. and Towata, S.-i. and
                   Z\"{u}ttel, Andreas and Orimo, S.-i.},
  journal =       {Phys. Rev. B},
  number =        {4},
  pages =         {045126},
  title =         {Correlation between thermodynamical stabilities of
                   metal borohydrides and cation electronegativites:
                   First-principles calculations and experiments},
  volume =        {74},
  year =          {2006},
  doi =           {10.1103/PhysRevB.74.045126},
}

@article{Setten_2007:thermodynamic_stability,
  author =        {van Setten, Michiel J. and Uijttewaal, Matth\'{e} A. and
                   de Wijs, Gilles A. and de Groot, Robert A.},
  journal =       {J. Am. Chem. Soc.},
  number =        {9},
  pages =         {2458--2465},
  title =         {Thermodynamic stability of boron: the role of defects
                   and zero point motion.},
  volume =        {129},
  year =          {2007},
  doi =           {10.1021/ja0631246},
}

@article{Zhu_2012:systematic_search,
  author =        {Zhu, Qiang and Zeng, Qingfeng and Oganov, Artem R.},
  journal =       {Phys. Rev. B},
  pages =         {201407},
  title =         {Systematic search for low-enthalpy $s{p}^{3}$ carbon
                   allotropes using evolutionary metadynamics},
  volume =        {85},
  year =          {2012},
  doi =           {10.1103/PhysRevB.85.201407},
}

@article{Marto-n-nak_2003:predicting_crystal,
  author =        {Marto\ifmmode \check{n}\else \v{n}\fi{}\'ak, R. and
                   Laio, A. and Parrinello, M.},
  journal =       {Phys. Rev. Lett.},
  pages =         {075503},
  title =         {Predicting Crystal Structures: The
                   {P}arrinello-{R}ahman Method Revisited},
  volume =        {90},
  year =          {2003},
  doi =           {10.1103/PhysRevLett.90.075503},
}

@article{Laio_2002:escaping_free-energy,
  author =        {Laio, A and Parrinello, M},
  journal =       {Proc. Natl. Acad. Sci.},
  number =        {20},
  pages =         {12562--12566},
  title =         {Escaping free-energy minima},
  volume =        {99},
  year =          {2002},
  doi =           {10.1073/pnas.202427399},
}

@article{Soloveichik_2008:ammine_magnesium,
  author =        {Soloveichik, Grigorii and Her, Jae-Hyuk and
                   Stephens, Peter W. and Gao, Yan and Rijssenbeek, Job and
                   Andrus, Matt and Zhao, J.-C.},
  journal =       {Inorg. Chem.},
  number =        {10},
  pages =         {4290--4298},
  title =         {Ammine Magnesium Borohydride Complex as a New
                   Material for Hydrogen Storage: Structure and
                   Properties of Mg(BH 4 ) 2 {\textperiodcentered}2NH 3},
  volume =        {47},
  year =          {2008},
  doi =           {10.1021/ic7023633},
}

@article{Guo_2012:ammine_aluminium,
  author =        {Guo, Yanhui and Jiang, Yixiao and Xia, Guanglin and
                   Yu, Xuebin},
  journal =       {Chem. Commun.},
  number =        {37},
  pages =         {4408},
  title =         {Ammine aluminium borohydrides: an appealing system
                   releasing over 12 wt{\%} pure H2 under moderate
                   temperature},
  volume =        {48},
  year =          {2012},
  doi =           {10.1039/c2cc30751k},
}

